@online{pandas,
	title        = {pandas - Python Data Analysis Library},
	urldate      = {2022-10-28},
	url          = {https://pandas.pydata.org/},
}

@online{numpy,
	title        = {NumPy},
	urldate      = {2022-10-28},
	url          = {https://numpy.org/},
}

@online{matplotlib,
	title        = {Matplotlib - Visualization with Pytho},
	urldate      = {2022-10-28},
	url          = {https://matplotlib.org/},
}

@online{sklearn,
	title        = {scikit-learn: machine learning in Python},
	urldate      = {2022-10-28},
	url          = {https://scikit-learn.org/stable/},
}

@online{tensorflow,
	title        = {TensorFlow},
	urldate      = {2022-10-28},
	url          = {https://www.tensorflow.org/},
}

@online{jupyter,
	title        = {Jupyter},
	urldate      = {2022-10-28},
	url          = {https://jupyter.org/},
}

@online{python,
	title        = {Python},
	urldate      = {2022-10-28},
	url          = {https://www.python.org/},
}

@Misc{pycharm,
    author       = {PyCharm Community Edition}, 
    title        = {by JetBrains},
    url          = {https://www.jetbrains.com/pycharm/},
}

@online{jass,
	author       = {Jass},
	title        = {in Wikipedia}, 
	urldate      = {2023-05-24},
	url          = {https://en.wikipedia.org/wiki/Jass},
}

@online{reuss,
	author       = {Brünig-Napf-Reuss line},
	title        = {in Wikipedia}, 
	urldate      = {2023-03-14},
	url          = {https://en.wikipedia.org/wiki/Brünig-Napf-Reuss_line},
}

@online{handjass,
	author       = {Handjass},
	urldate      = {2023-05-28},
	url          = {https://www.pagat.com/jass/handjass.html},
}

@online{easy21,
    title        = {Github/Easy 21},
	author       = {Matyas Amrouche},
	urldate      = {2023-03-27},
	url          = {https://github.com/Matyyas/Easy21},
}

@online{easy21_explanation,
    title        = {Playing cards with Reinforcement Learning},
	author       = {Matyas Amrouche},
	urldate      = {2023-03-27},
	url          = {https://towardsdatascience.com/playing-cards-with-reinforcement-learning-1-3-c2dbabcf1df0},
}

@online{rl,
	author       = {Reinforcement learning},
	title        = {in Wikipedia}, 
	urldate      = {2023-05-18},
	url          = {https://en.wikipedia.org/wiki/Reinforcement_learning},
}


@online{code,
	author       = {Raphael Ziegler},
	title        = {JassBot}, 
	urldate      = {2023-06-15},
	url          = {https://github.com/raphaelziegler/CAS-in-Applied-Data-Science/tree/main/final_project/python},
}
